@article{owen_safe_2000,
	title = {Safe and {Effective} {Importance} {Sampling}},
	journal = {Journal of the American Statistical Association},
	author = {Owen, Art and Zhou, Yi},
	month = mar,
	year = {2000},
	pages = {135--143},
}

@inproceedings{veach_optimally_1995,
	title = {Optimally combining sampling techniques for {Monte} {Carlo} rendering},
	publisher = {ACM Press},
	author = {Veach, Eric and Guibas, Leonidas J.},
	booktitle = {Proceedings of the 22nd annual conference on Computer graphics and interactive techniques  - SIGGRAPH '95},
	year = {1995},
	pages = {419--428},
}

@book{mcbook_2013,
   author = {Art B. Owen},
   year = 2013,
   title = {Monte Carlo theory, methods and examples},
   pages = {27--33},
}

@article{metelli_policy_2018,
	title = {Policy {Optimization} via {Importance} {Sampling}},
	journal = {arXiv:1809.06098 [cs, stat]},
	author = {Metelli, Alberto Maria and Papini, Matteo and Faccio, Francesco and Restelli, Marcello},
	year = {2018},
}

@article{srinivas2009gaussian,
  title={Gaussian process optimization in the bandit setting: No regret and experimental design},
  author={Srinivas, Niranjan and Krause, Andreas and Kakade, Sham M and Seeger, Matthias},
  journal={arXiv preprint arXiv:0912.3995},
  year={2009}
}

@article{bubeck2013bandits,
  title={Bandits with heavy tail},
  author={Bubeck, S{\'e}bastien and Cesa-Bianchi, Nicolo and Lugosi, G{\'a}bor},
  journal={IEEE Transactions on Information Theory},
  volume={59},
  number={11},
  pages={7711--7717},
  year={2013},
  publisher={IEEE}
}
