@inproceedings{sehnke2008policy,
	title={Policy gradients with parameter-based exploration for control},
	author={Sehnke, Frank and Osendorfer, Christian and R{\"u}ckstie{\ss}, Thomas and Graves, Alex and Peters, Jan and Schmidhuber, J{\"u}rgen},
	booktitle={International Conference on Artificial Neural Networks},
	pages={387--396},
	year={2008},
	organization={Springer}
}

@inproceedings{veach_optimally_1995,
	title = {Optimally combining sampling techniques for {Monte} {Carlo} rendering},
	publisher = {ACM Press},
	author = {Veach, Eric and Guibas, Leonidas J.},
	booktitle = {Proceedings of the 22nd annual conference on Computer graphics and interactive techniques  - SIGGRAPH '95},
	year = {1995},
	pages = {419--428},
}

@inproceedings{metelli2018policy,
	title={Policy Optimization via Importance Sampling},
	author={Metelli, Alberto Maria and Papini, Matteo and Faccio, Francesco and Restelli, Marcello},
	booktitle={Advances in Neural Information Processing Systems},
	pages={5447--5459},
	year={2018}
}

@article{bubeck2012regret,
	title={Regret analysis of stochastic and nonstochastic multi-armed bandit problems},
	author={Bubeck, S{\'e}bastien and Cesa-Bianchi, Nicolo and others},
	journal={Foundations and Trends{\textregistered} in Machine Learning},
	volume={5},
	number={1},
	pages={1--122},
	year={2012},
	publisher={Now Publishers, Inc.}
}

@article{peters2008reinforcement,
	title={Reinforcement learning of motor skills with policy gradients},
	author={Peters, Jan and Schaal, Stefan},
	journal={Neural networks},
	volume={21},
	number={4},
	pages={682--697},
	year={2008},
	publisher={Elsevier}
}